@inproceedings{sunderroy2022shock,
  title={Shock boundary layer interactions in a supersonic flow over a flexible compression ramp},
  author={Sunderroy, Sangeet S and Karnick, Pradeepa T and Venkatraman, Kartik},
  booktitle={AIAA AVIATION 2022 Forum},
  pages={4049},
  year={2022}
}